<?xml version="1.0" encoding="utf-8"?>
<record xmlns="http://www.loc.gov/MARC21/slim" xmlns:xsi="http://www.w3.org/2001/XMLSchema-instance" xsi:schemaLocation="http://www.loc.gov/MARC21/slim http://www.loc.gov/standards/marcxml/schema/MARC21slim.xsd">
	<leader>     nam a22     Mi 4500</leader>
	<controlfield tag="001">b12491263</controlfield>
	<controlfield tag="003">LeBAU</controlfield>
	<controlfield tag="006">m        d        </controlfield>
	<controlfield tag="007">cr cn |||m|||a</controlfield>
	<controlfield tag="008">210422s1955    ua      o     ||0 0 ara d</controlfield>
	<datafield ind1=" " ind2=" " tag="040">
		<subfield code="a">ZYU</subfield>
		<subfield code="b">ara</subfield>
		<subfield code="e">rda</subfield>
		<subfield code="c">ZYU</subfield>
	</datafield>
	<datafield ind1="0" ind2="4" tag="082">
		<subfield code="a">492.75</subfield>
		<subfield code="2">23</subfield>
	</datafield>
	<datafield ind1="1" ind2=" " tag="100">
		<subfield code="6">880-01</subfield>
		<subfield code="a">Ushmūnī, ʻAlī ibn Muḥammad,</subfield>
		<subfield code="d">1435-1494 or 1495.</subfield>
		<subfield code="e">author.</subfield>
		<subfield code="0">https://lccn.loc.gov/n85091886 ,</subfield>
	</datafield>
	<datafield ind1="1" ind2="0" tag="245">
		<subfield code="6">880-02</subfield>
		<subfield code="a">Sharḥ al-Ushmūnī ʻalá Alfīyat Ibn Mālik al-musama Minhāj al-sālik ilá Alfīyat Ibn Mālik /</subfield>
		<subfield code="c">ḥaqqaqahu Muḥammad Muḥyī al-Dīn ʻAbd al-Ḥamīd.</subfield>
	</datafield>
	<datafield ind1="3" ind2="0" tag="246">
		<subfield code="6">880-03</subfield>
		<subfield code="a">Minhāj al-sālik ilá Alfīyat Ibn Mālik</subfield>
	</datafield>
	<datafield ind1=" " ind2=" " tag="250">
		<subfield code="6">880-04</subfield>
		<subfield code="a">al-Ṭabʻah al-ūlá.</subfield>
	</datafield>
	<datafield ind1=" " ind2="1" tag="264">
		<subfield code="6">880-05</subfield>
		<subfield code="a">[Miṣr] :</subfield>
		<subfield code="b">Maktabat al-Nahḍah al-Miṣrīyah,</subfield>
		<subfield code="c">1375 [H.] = 1955 [M.]</subfield>
	</datafield>
	<datafield ind1=" " ind2=" " tag="300">
		<subfield code="6">880-06</subfield>
		<subfield code="a">online resource (3 volumes (904 pages))</subfield>
	</datafield>
	<datafield ind1=" " ind2=" " tag="336">
		<subfield code="a">text</subfield>
		<subfield code="2">rdacontent</subfield>
	</datafield>
	<datafield ind1=" " ind2=" " tag="337">
		<subfield code="a">computer</subfield>
		<subfield code="2">rdamedia</subfield>
	</datafield>
	<datafield ind1=" " ind2=" " tag="338">
		<subfield code="a">online resource</subfield>
		<subfield code="2">rdacarrier</subfield>
	</datafield>
	<datafield ind1=" " ind2=" " tag="500">
		<subfield code="a">Part of the Arabic Collections Online (ACO) project, contributed by American University of Beirut's Jafet Memorial Library.</subfield>
	</datafield>
	<datafield ind1=" " ind2=" " tag="533">
		<subfield code="a">Electronic reproduction.</subfield>
		<subfield code="b">New York, N.Y. :</subfield>
		<subfield code="c">New York University,</subfield>
		<subfield code="d">2021.</subfield>
		<subfield code="5">NNU</subfield>
	</datafield>
	<datafield ind1="1" ind2="4" tag="600">
		<subfield code="a">إبن مالك، محمد بن عبد الله،</subfield>
		<subfield code="d">-1204.</subfield>
		<subfield code="t">الألفية.</subfield>
	</datafield>
	<datafield ind1="1" ind2="0" tag="600">
		<subfield code="a">Ibn Mālik, Muḥammad ibn ʻAbd Allāh,</subfield>
		<subfield code="d">-1274.</subfield>
		<subfield code="t">Alfīyah.</subfield>
	</datafield>
	<datafield ind1=" " ind2="4" tag="650">
		<subfield code="a">اللغة العربية</subfield>
		<subfield code="x">قواعد</subfield>
		<subfield code="v">اعمال قديمة حتى 1800.</subfield>
	</datafield>
	<datafield ind1=" " ind2="0" tag="650">
		<subfield code="a">Arabic language</subfield>
		<subfield code="x">Grammar</subfield>
		<subfield code="v">Early works to 1800.</subfield>
	</datafield>
	<datafield ind1="1" ind2=" " tag="700">
		<subfield code="6">880-07</subfield>
		<subfield code="a">ʻAbd al-Ḥamīd, Muḥammad Muḥyī al-Dīn.</subfield>
		<subfield code="e">annotator.</subfield>
		<subfield code="0">https://lccn.loc.gov/n81065895 ,</subfield>
	</datafield>
	<datafield ind1="2" ind2=" " tag="710">
		<subfield code="a">Jafet Memorial Library.</subfield>
	</datafield>
	<datafield ind1="0" ind2=" " tag="730">
		<subfield code="a">Arabic Collections Online.</subfield>
	</datafield>
	<datafield ind1="0" ind2="8" tag="776">
		<subfield code="i">Print version:</subfield>
		<subfield code="a">Ushmūnī, ʻAlī ibn Muḥammad, 1435-1494 or 1495. author. https://lccn.loc.gov/n85091886 ,</subfield>
		<subfield code="t">Sharḥ al-Ushmūnī ʻalá Alfīyat Ibn Mālik al-musama Minhāj al-sālik ilá Alfīyat Ibn Mālik</subfield>
		<subfield code="w">(LeBAU)b12491263</subfield>
	</datafield>
	<datafield ind1="4" ind2="0" tag="856">
		<subfield code="u">http://hdl.handle.net/2333.1/41ns22zv</subfield>
	</datafield>
	<datafield ind1="1" ind2=" " tag="880">
		<subfield code="6">100-01</subfield>
		<subfield code="a">الاشموني، علي بن محمد،</subfield>
		<subfield code="d">1435-1494 او 1495،</subfield>
		<subfield code="0">https://lccn.loc.gov/n85091886 ,</subfield>
		<subfield code="e">مؤلف. </subfield>
		<subfield code="4">aut.</subfield>
	</datafield>
	<datafield ind1="1" ind2="0" tag="880">
		<subfield code="6">245-02</subfield>
		<subfield code="a">شرح الأشموني على ألفيه إبن مالك المسمى منهج السالك الى ألفيه إبن مالك /</subfield>
		<subfield code="c">حققه محمد محي الدين عبد الحميد.</subfield>
	</datafield>
	<datafield ind1="3" ind2="0" tag="880">
		<subfield code="6">246-03</subfield>
		<subfield code="a">منهج السالك الى ألفيه إبن مالك</subfield>
	</datafield>
	<datafield ind1=" " ind2=" " tag="880">
		<subfield code="6">250-04</subfield>
		<subfield code="a">الطبعة الأولى.</subfield>
	</datafield>
	<datafield ind1=" " ind2="1" tag="880">
		<subfield code="6">264-05</subfield>
		<subfield code="a">[مصر] :</subfield>
		<subfield code="b">مكتبة النهضة المصرية،</subfield>
		<subfield code="c">1375 [هـ.] = 1955 [م.]</subfield>
	</datafield>
	<datafield ind1=" " ind2=" " tag="880">
		<subfield code="6">300-06</subfield>
		<subfield code="a">3 أجزاء (904 صفحات) ؛</subfield>
		<subfield code="c">24 سم</subfield>
	</datafield>
	<datafield ind1="1" ind2=" " tag="880">
		<subfield code="6">700-07</subfield>
		<subfield code="a">عبد الحميد، محمد محي الدين،</subfield>
		<subfield code="0">https://lccn.loc.gov/n81065895 ,</subfield>
		<subfield code="e">محقق. </subfield>
		<subfield code="4">ann.</subfield>
	</datafield>
	<datafield ind1=" " ind2=" " tag="959">
		<subfield code="a">NNU</subfield>
		<subfield code="b">WEB</subfield>
		<subfield code="c">GENI</subfield>
		<subfield code="t">0</subfield>
		<subfield code="m">Electronic access</subfield>
		<subfield code="s">01</subfield>
	</datafield>
	<datafield ind1=" " ind2=" " tag="999">
		<subfield code="i">LeBAU_b12491263</subfield>
		<subfield code="s">aub_aco004373</subfield>
		<subfield code="s">aub_aco004374</subfield>
		<subfield code="s">aub_aco004375</subfield>
		<subfield code="e">(ERROR-MISC)</subfield>
	</datafield>
</record>
